%YAML 1.1
%TAG !u! tag:unity3d.com,2011:
--- !u!1 &7638392861575029512
GameObject:
  m_ObjectHideFlags: 0
  m_CorrespondingSourceObject: {fileID: 0}
  m_PrefabInstance: {fileID: 0}
  m_PrefabAsset: {fileID: 0}
  serializedVersion: 6
  m_Component:
  - component: {fileID: 870142818198875112}
  - component: {fileID: 633443436880748050}
  - component: {fileID: 8158353659737924528}
  m_Layer: 0
  m_Name: Debug
  m_TagString: Untagged
  m_Icon: {fileID: 0}
  m_NavMeshLayer: 0
  m_StaticEditorFlags: 0
  m_IsActive: 1
--- !u!4 &870142818198875112
Transform:
  m_ObjectHideFlags: 0
  m_CorrespondingSourceObject: {fileID: 0}
  m_PrefabInstance: {fileID: 0}
  m_PrefabAsset: {fileID: 0}
  m_GameObject: {fileID: 7638392861575029512}
  m_LocalRotation: {x: 0, y: 0, z: 0, w: 1}
  m_LocalPosition: {x: 0, y: 0, z: 0}
  m_LocalScale: {x: 1, y: 1, z: 1}
  m_Children: []
  m_Father: {fileID: 4282321432769602942}
  m_RootOrder: 0
  m_LocalEulerAnglesHint: {x: 0, y: 0, z: 0}
--- !u!114 &633443436880748050
MonoBehaviour:
  m_ObjectHideFlags: 0
  m_CorrespondingSourceObject: {fileID: 0}
  m_PrefabInstance: {fileID: 0}
  m_PrefabAsset: {fileID: 0}
  m_GameObject: {fileID: 7638392861575029512}
  m_Enabled: 1
  m_EditorHideFlags: 0
  m_Script: {fileID: 11500000, guid: 2dc9e7c447b834f96af120727da1a5ae, type: 3}
  m_Name: 
  m_EditorClassIdentifier: 
  showHand: 1
  showHandGridPoints: 1
  showPOI: 1
  showPalmCullAreas: 0
  showFingerCullAreas: 0
  showBeamformerPoints: 1
  beamformerPointsColor: {r: 0, g: 0.9716981, b: 0.050887436, a: 0.50980395}
  beamformerSpecialPointsColor: {r: 1, g: 0, b: 0, a: 0.50980395}
  beamformerPointScale: 1
  POIPointScale: 0.007
  POIPointColor: {r: 0, g: 0, b: 0, a: 0}
  debugObjectPool: {fileID: 8158353659737924528}
--- !u!114 &8158353659737924528
MonoBehaviour:
  m_ObjectHideFlags: 0
  m_CorrespondingSourceObject: {fileID: 0}
  m_PrefabInstance: {fileID: 0}
  m_PrefabAsset: {fileID: 0}
  m_GameObject: {fileID: 7638392861575029512}
  m_Enabled: 1
  m_EditorHideFlags: 0
  m_Script: {fileID: 11500000, guid: 227c9cb36d23faa4b8def1eb3269e416, type: 3}
  m_Name: 
  m_EditorClassIdentifier: 
  objectToPool: {fileID: 1680261558714102, guid: 5a6c8ff3c5cba0b4d89402a0134fa86c,
    type: 3}
  poolSize: 400
  pooledObjects: []
  warnWhenPoolExhausted: 1
--- !u!1 &8125870877561411395
GameObject:
  m_ObjectHideFlags: 0
  m_CorrespondingSourceObject: {fileID: 0}
  m_PrefabInstance: {fileID: 0}
  m_PrefabAsset: {fileID: 0}
  serializedVersion: 6
  m_Component:
  - component: {fileID: 4282321432769602942}
  - component: {fileID: 649104162848397266}
  - component: {fileID: 423355426507107745}
  - component: {fileID: 6094630969182261815}
  - component: {fileID: 8847947366115352453}
  - component: {fileID: 7776591128605755583}
  m_Layer: 0
  m_Name: MeshInteraction
  m_TagString: Untagged
  m_Icon: {fileID: 0}
  m_NavMeshLayer: 0
  m_StaticEditorFlags: 0
  m_IsActive: 1
--- !u!4 &4282321432769602942
Transform:
  m_ObjectHideFlags: 0
  m_CorrespondingSourceObject: {fileID: 0}
  m_PrefabInstance: {fileID: 0}
  m_PrefabAsset: {fileID: 0}
  m_GameObject: {fileID: 8125870877561411395}
  m_LocalRotation: {x: 0, y: 0, z: 0, w: 1}
  m_LocalPosition: {x: 0, y: 0, z: 0}
  m_LocalScale: {x: 1, y: 1, z: 1}
  m_Children:
  - {fileID: 870142818198875112}
  m_Father: {fileID: 0}
  m_RootOrder: 0
  m_LocalEulerAnglesHint: {x: 0, y: 0, z: 0}
--- !u!114 &649104162848397266
MonoBehaviour:
  m_ObjectHideFlags: 0
  m_CorrespondingSourceObject: {fileID: 0}
  m_PrefabInstance: {fileID: 0}
  m_PrefabAsset: {fileID: 0}
  m_GameObject: {fileID: 8125870877561411395}
  m_Enabled: 1
  m_EditorHideFlags: 0
  m_Script: {fileID: 11500000, guid: 95c564d683fd0a844b65e36fb6d8cd30, type: 3}
  m_Name: 
  m_EditorClassIdentifier: 
  setupType: 1
  setupData:
    meshInteractionType: 0
    rootTransform: {fileID: 0}
    modelTransform: {fileID: 0}
    autoLocateMesh: 1
    meshFilterToUse: {fileID: 0}
    skinnedMeshRendererToUse: {fileID: 0}
  processor: {fileID: 423355426507107745}
  postProcessor: {fileID: 8847947366115352453}
  mesh_source: {fileID: 6094630969182261815}
  hand_locator: {fileID: 7776591128605755583}
  debug: {fileID: 633443436880748050}
  visualDebuggingEnabled: 1
  paused: 0
  autoUpdate: 0
  autoClearDebugPoints: 0
--- !u!114 &423355426507107745
MonoBehaviour:
  m_ObjectHideFlags: 0
  m_CorrespondingSourceObject: {fileID: 0}
  m_PrefabInstance: {fileID: 0}
  m_PrefabAsset: {fileID: 0}
  m_GameObject: {fileID: 8125870877561411395}
  m_Enabled: 1
  m_EditorHideFlags: 0
  m_Script: {fileID: 11500000, guid: 87606cc4fcc78d543bb91dddacd021a9, type: 3}
  m_Name: 
  m_EditorClassIdentifier: 
  handLocator: {fileID: 0}
  palmBounds: {x: 0.03, y: 0.009, z: 0.03}
  fingerBounds: {x: 0.01, y: 0.01, z: 0.01}
  palmPointCullRadius: 0.0288
  fingerPointCullRadius: 0.0213
  POICullRadius: 0.1
  palmWeighting: 1
  fingerWeighting: 1
  averagePointVector: {x: 0, y: 0, z: 0}
--- !u!114 &6094630969182261815
MonoBehaviour:
  m_ObjectHideFlags: 0
  m_CorrespondingSourceObject: {fileID: 0}
  m_PrefabInstance: {fileID: 0}
  m_PrefabAsset: {fileID: 0}
  m_GameObject: {fileID: 8125870877561411395}
  m_Enabled: 1
  m_EditorHideFlags: 0
  m_Script: {fileID: 11500000, guid: 047aa1c331dc440a5a79faf37a11da9b, type: 3}
  m_Name: 
  m_EditorClassIdentifier: 
  debugMode: 0
  animationDataDebugMesh: {fileID: 0}
--- !u!114 &8847947366115352453
MonoBehaviour:
  m_ObjectHideFlags: 0
  m_CorrespondingSourceObject: {fileID: 0}
  m_PrefabInstance: {fileID: 0}
  m_PrefabAsset: {fileID: 0}
  m_GameObject: {fileID: 8125870877561411395}
  m_Enabled: 1
  m_EditorHideFlags: 0
  m_Script: {fileID: 11500000, guid: 02c861cf5bce75c44b88703f219abc48, type: 3}
  m_Name: 
  m_EditorClassIdentifier: 
  duplicateThreshold: 0.02
  activePoints: []
  sortPoints: 0
  activeRawExtraInfo: []
  activeExtraInfo: 
--- !u!114 &7776591128605755583
MonoBehaviour:
  m_ObjectHideFlags: 0
  m_CorrespondingSourceObject: {fileID: 0}
  m_PrefabInstance: {fileID: 0}
  m_PrefabAsset: {fileID: 0}
  m_GameObject: {fileID: 8125870877561411395}
  m_Enabled: 1
  m_EditorHideFlags: 0
  m_Script: {fileID: 11500000, guid: 125d103d4bdcd544d8fd541fe4a07a15, type: 3}
  m_Name: 
  m_EditorClassIdentifier: 
  useDebugObjects: 0
  palmTransform_Left: {fileID: 0}
  palmTransform_Right: {fileID: 0}
  fingers: []
  finger_transforms_left: []
  finger_transforms_Right: []
